
@misc{abilitynet_intro,
  title        = {An introduction to screen readers},
  author       = {AbilityNet},
  howpublished = {\url{https://abilitynet.org.uk/factsheets/introduction-screen-readers}},
  year         = {2025},
  note         = {Accessed on August 8, 2025}
}

@misc{webaim_survey10,
  title        = {Screen Reader User Survey \#10 Results},
  author       = {WebAIM},
  howpublished = {\url{https://webaim.org/projects/screenreadersurvey10/}},
  year         = {2024},
  month        = {February},
  note         = {Accessed on August 8, 2025}
}

@misc{equallyai_jaws_nvda,
  title        = {JAWS vs NVDA: Which Is Better for Accessibility Audits?},
  author       = {Equally.AI},
  howpublished = {\url{https://blog.equally.ai/disability-guide/jaws-vs-nvda/}},
  year         = {2025},
  note         = {Accessed on August 8, 2025}
}

@misc{isoftstone_comparison,
  title        = {Product analysis: Screen reader comparisons},
  author       = {iSoftStone},
  howpublished = {\url{https://www.isoftstoneinc.com/insights/product-analysis-screen-reader/}},
  year         = {2025},
  note         = {Accessed on August 8, 2025}
}

@misc{allyant_doj,
  title        = {6 DOJ-Approved Screen Readers},
  author       = {Allyant},
  howpublished = {\url{https://allyant.com/blog/6-doj-approved-screen-readers/}},
  year         = {2025},
  note         = {Accessed on August 8, 2025}
}

@misc{webaim_survey_preferences,
  title        = {Survey of Preferences of Screen Readers Users},
  author       = {WebAIM},
  howpublished = {\url{https://webaim.org/projects/screenreadersurvey/}},
  year         = {2025},
  note         = {Accessed on August 8, 2025}
}

@misc{nvda_commands,
  title        = {NVDA 2025.1.2 Commands Quick Reference},
  author       = {NV Access},
  howpublished = {\url{https://download.nvaccess.org/documentation/mk/keyCommands.html}},
  year         = {2025},
  note         = {Accessed on August 8, 2025}
}

@misc{supernova_hotkeys,
  title        = {SuperNova Hotkeys},
  author       = {Dolphin Computer Access},
  howpublished = {\url{https://yourdolphin.com/supernova-hotkeys}},
  year         = {2025},
  note         = {Accessed on August 8, 2025}
}
